<?xml version="1.0" encoding="UTF-8"?>
<collection xmlns:xsi="http://www.w3.org/2001/XMLSchema-instance" xsi:schemaLocation="http://www.loc.gov/MARC21/slim http://www.loc.gov/standards/marcxml/schema/MARC21slim.xsd" xmlns="http://www.loc.gov/MARC21/slim">
<record>
  <leader>00667cam a2200193K  4500</leader>
  <controlfield tag="001">5967917</controlfield>
  <controlfield tag="003">NNC</controlfield>
  <controlfield tag="005">20150920223135.0</controlfield>
  <controlfield tag="008">061026s1963    sy            000 0 ara d</controlfield>
  <datafield tag="035" ind1=" " ind2=" ">
    <subfield code="a">(OCoLC)ocm74416989</subfield>
  </datafield>
  <datafield tag="035" ind1=" " ind2=" ">
    <subfield code="a">(NNC)5967917</subfield>
  </datafield>
  <datafield tag="040" ind1=" " ind2=" ">
    <subfield code="a">ZCU</subfield>
    <subfield code="c">ZCU</subfield>
  </datafield>
  <datafield tag="100" ind1="1" ind2=" ">
    <subfield code="a">Delmas, Claude.</subfield>
  </datafield>
  <datafield tag="245" ind1="1" ind2="0">
    <subfield code="a">Tārīkh al-haḍārah al-Ūrubbīyah,</subfield>
    <subfield code="b">tarjamat Colette Ḥabīb.</subfield>
  </datafield>
  <datafield tag="260" ind1=" " ind2=" ">
    <subfield code="a">Dimashq</subfield>
    <subfield code="c">1963.</subfield>
  </datafield>
  <datafield tag="300" ind1=" " ind2=" ">
    <subfield code="a">1 v.</subfield>
  </datafield>
  <datafield tag="490" ind1="1" ind2=" ">
    <subfield code="a">Syria. Mudīrīyat al-Taʾlīf wa-al-Tarjamah‏. Silsilat al-Thaqāfah al-shaʻbīyah.</subfield>
    <subfield code="v">v. 8</subfield>
  </datafield>
  <datafield tag="810" ind1="1" ind2=" ">
    <subfield code="a">Syria.</subfield>
    <subfield code="b">Mudīrīyat al-Taʼlīf wa-al-Tarjamah_.</subfield>
    <subfield code="t">Silsilat al-Thaqāfah al-shaʻbīyah ;</subfield>
    <subfield code="v">v. 8.</subfield>
  </datafield>
  <datafield tag="955" ind1=" " ind2=" ">
    <subfield code="b">0026813424</subfield>
    <subfield code="d">glx</subfield>
    <subfield code="e">956.9 Sy25 v.8</subfield>
  </datafield>
</record>
</collection>